<?xml version="1.0" encoding="UTF-8"?><srw:searchRetrieveResponse xmlns:srw="http://www.loc.gov/zing/srw/" xmlns="http://catalogue.bnf.fr/namespaces/InterXMarc" xmlns:ixm="http://catalogue.bnf.fr/namespaces/InterXMarc" xmlns:mn="http://catalogue.bnf.fr/namespaces/motsnotices" xmlns:sd="http://www.loc.gov/zing/srw/diagnostic/">
<srw:version>1.2</srw:version>
<srw:echoedSearchRetrieveRequest>
<srw:version>1.2</srw:version>
<srw:query>aut.persistentid any "ark:/12148/cb11907966z"</srw:query>
</srw:echoedSearchRetrieveRequest>
<srw:numberOfRecords>1</srw:numberOfRecords>
<srw:records>
<srw:record>
<srw:recordSchema>marcxchange</srw:recordSchema>
<srw:recordPacking>xml</srw:recordPacking>
<srw:recordData>
<mxc:record xmlns:mxc="info:lc/xmlns/marcxchange-v2" format="INTERMARC" id="ark:/12148/cb11907966z" type="Authority">   <mxc:leader>05200c0 ap2200027   45  </mxc:leader>   <mxc:controlfield tag="001">FRBNF119079660</mxc:controlfield>   <mxc:controlfield tag="003">http://catalogue.bnf.fr/ark:/12148/cb11907966z</mxc:controlfield>   <mxc:controlfield tag="008">741227250630frfrem          18020226  18850522             ac010 </mxc:controlfield>   <mxc:datafield tag="031" ind1=" " ind2=" ">      <mxc:subfield code="a">0000000121200982</mxc:subfield>      <mxc:subfield code="2">ISNI</mxc:subfield>      <mxc:subfield code="d">20131217</mxc:subfield>   </mxc:datafield>   <mxc:datafield tag="045" ind1=" " ind2=" ">      <mxc:subfield code="a">a</mxc:subfield>      <mxc:subfield code="c">e</mxc:subfield>   </mxc:datafield>   <mxc:datafield tag="100" ind1=" " ind2=" ">      <mxc:subfield code="w">.0..b.....</mxc:subfield>      <mxc:subfield code="a">Hugo</mxc:subfield>      <mxc:subfield code="m">Victor</mxc:subfield>      <mxc:subfield code="d">1802-1885</mxc:subfield>   </mxc:datafield>   <mxc:datafield tag="322" ind1="3" ind2=" ">      <mxc:subfield code="3">18206264</mxc:subfield>      <mxc:subfield code="9">144</mxc:subfield>      <mxc:subfield code="a">Thomé</mxc:subfield>      <mxc:subfield code="m">Francis</mxc:subfield>      <mxc:subfield code="d">1850-1909</mxc:subfield>      <mxc:subfield code="t">[Si vous n'avez rien à me dire (Mélodie). [ca 1875 - 1909]]</mxc:subfield>   </mxc:datafield>   <mxc:datafield tag="322" ind1="3" ind2=" ">      <mxc:subfield code="3">18205874</mxc:subfield>      <mxc:subfield code="9">144</mxc:subfield>      <mxc:subfield code="a">Thomé</mxc:subfield>      <mxc:subfield code="m">Francis</mxc:subfield>      <mxc:subfield code="d">1850-1909</mxc:subfield>      <mxc:subfield code="t">[Les litanies (Mélodrame). [ca 1875 - 1909]]</mxc:subfield>   </mxc:datafield>   <mxc:datafield tag="322" ind1="3" ind2=" ">      <mxc:subfield code="3">18204692</mxc:subfield>      <mxc:subfield code="9">144</mxc:subfield>      <mxc:subfield code="a">Thomé</mxc:subfield>      <mxc:subfield code="m">Francis</mxc:subfield>      <mxc:subfield code="d">1850-1909</mxc:subfield>      <mxc:subfield code="t">[Pour les pauvres (Mélodrame). [ca 1875 - 1909]]</mxc:subfield>   </mxc:datafield>   <mxc:datafield tag="322" ind1="3" ind2=" ">      <mxc:subfield code="3">18204688</mxc:subfield>      <mxc:subfield code="9">144</mxc:subfield>      <mxc:subfield code="a">Thomé</mxc:subfield>      <mxc:subfield code="m">Francis</mxc:subfield>      <mxc:subfield code="d">1850-1909</mxc:subfield>      <mxc:subfield code="t">[Deux différentes manières d'aimer (Mélodrame). [ca 1875 - 1909]]</mxc:subfield>   </mxc:datafield>   <mxc:datafield tag="322" ind1="3" ind2=" ">      <mxc:subfield code="3">18189752</mxc:subfield>      <mxc:subfield code="9">144</mxc:subfield>      <mxc:subfield code="a">Thomé</mxc:subfield>      <mxc:subfield code="m">Francis</mxc:subfield>      <mxc:subfield code="d">1850-1909</mxc:subfield>      <mxc:subfield code="t">[La conscience (Mélodramme ; 1888)]</mxc:subfield>   </mxc:datafield>   <mxc:datafield tag="322" ind1="3" ind2=" ">      <mxc:subfield code="3">18189109</mxc:subfield>      <mxc:subfield code="9">144</mxc:subfield>      <mxc:subfield code="a">Thomé</mxc:subfield>      <mxc:subfield code="m">Francis</mxc:subfield>      <mxc:subfield code="d">1850-1909</mxc:subfield>      <mxc:subfield code="t">[La fiancée du timbalier (Mélodramme ; 1888)]</mxc:subfield>   </mxc:datafield>   <mxc:datafield tag="322" ind1="3" ind2=" ">      <mxc:subfield code="3">18188463</mxc:subfield>      <mxc:subfield code="9">144</mxc:subfield>      <mxc:subfield code="a">Thomé</mxc:subfield>      <mxc:subfield code="m">Francis</mxc:subfield>      <mxc:subfield code="d">1850-1909</mxc:subfield>      <mxc:subfield code="t">[Viens, une flûte invisible (Mélodramme ; [ca 1875 - 1909])]</mxc:subfield>   </mxc:datafield>   <mxc:datafield tag="322" ind1="3" ind2=" ">      <mxc:subfield code="3">18187580</mxc:subfield>      <mxc:subfield code="9">144</mxc:subfield>      <mxc:subfield code="a">Thomé</mxc:subfield>      <mxc:subfield code="m">Francis</mxc:subfield>      <mxc:subfield code="d">1850-1909</mxc:subfield>      <mxc:subfield code="t">[O soldats de l'an II ! ([ca 1875 - 1909] ; Mélodrame)]</mxc:subfield>   </mxc:datafield>   <mxc:datafield tag="322" ind1="3" ind2=" ">      <mxc:subfield code="3">18187579</mxc:subfield>      <mxc:subfield code="9">144</mxc:subfield>      <mxc:subfield code="a">Thomé</mxc:subfield>      <mxc:subfield code="m">Francis</mxc:subfield>      <mxc:subfield code="d">1850-1909</mxc:subfield>      <mxc:subfield code="t">[Stella (1904 ; Mélodrame)]</mxc:subfield>   </mxc:datafield>   <mxc:datafield tag="322" ind1="3" ind2=" ">      <mxc:subfield code="3">18187333</mxc:subfield>      <mxc:subfield code="9">144</mxc:subfield>      <mxc:subfield code="a">Thomé</mxc:subfield>      <mxc:subfield code="m">Francis</mxc:subfield>      <mxc:subfield code="d">1850-1909</mxc:subfield>      <mxc:subfield code="t">[Trois poésies de Victor Hugo (Mélodramme)]</mxc:subfield>   </mxc:datafield>   <mxc:datafield tag="322" ind1="3" ind2=" ">      <mxc:subfield code="3">18187027</mxc:subfield>      <mxc:subfield code="9">144</mxc:subfield>      <mxc:subfield code="a">Thomé</mxc:subfield>      <mxc:subfield code="m">Francis</mxc:subfield>      <mxc:subfield code="d">1850-1909</mxc:subfield>      <mxc:subfield code="t">[Le triomphe (Mélodramme)]</mxc:subfield>   </mxc:datafield>   <mxc:datafield tag="322" ind1="3" ind2=" ">      <mxc:subfield code="3">18186993</mxc:subfield>      <mxc:subfield code="9">144</mxc:subfield>      <mxc:subfield code="a">Thomé</mxc:subfield>      <mxc:subfield code="m">Francis</mxc:subfield>      <mxc:subfield code="d">1850-1909</mxc:subfield>      <mxc:subfield code="t">[Chant du crépuscule (Mélodramme)]</mxc:subfield>   </mxc:datafield>   <mxc:datafield tag="322" ind1="3" ind2=" ">      <mxc:subfield code="3">18186989</mxc:subfield>      <mxc:subfield code="9">144</mxc:subfield>      <mxc:subfield code="a">Thomé</mxc:subfield>      <mxc:subfield code="m">Francis</mxc:subfield>      <mxc:subfield code="d">1850-1909</mxc:subfield>      <mxc:subfield code="t">[Chanson d'Eviradnus (Mélodramme)]</mxc:subfield>   </mxc:datafield>   <mxc:datafield tag="322" ind1="3" ind2=" ">      <mxc:subfield code="3">18160851</mxc:subfield>      <mxc:subfield code="9">144</mxc:subfield>      <mxc:subfield code="a">Thomé</mxc:subfield>      <mxc:subfield code="m">Francis</mxc:subfield>      <mxc:subfield code="d">1850-1909</mxc:subfield>      <mxc:subfield code="t">[L'épée (Musique de scène ; 1902)]</mxc:subfield>   </mxc:datafield>   <mxc:datafield tag="322" ind1="3" ind2=" ">      <mxc:subfield code="3">14840390</mxc:subfield>      <mxc:subfield code="9">144</mxc:subfield>      <mxc:subfield code="a">Burgan</mxc:subfield>      <mxc:subfield code="m">Patrick</mxc:subfield>      <mxc:subfield code="d">1960-....</mxc:subfield>      <mxc:subfield code="t">[Mes deux filles]</mxc:subfield>   </mxc:datafield>   <mxc:datafield tag="322" ind1=" " ind2=" ">      <mxc:subfield code="3">17319991</mxc:subfield>      <mxc:subfield code="9">144</mxc:subfield>      <mxc:subfield code="a">Kûi</mxc:subfield>      <mxc:subfield code="m">Cezar´ Antonovič</mxc:subfield>      <mxc:subfield code="d">1835-1918</mxc:subfield>      <mxc:subfield code="t">[Andzhelo]</mxc:subfield>   </mxc:datafield>   <mxc:datafield tag="322" ind1="1" ind2=" ">      <mxc:subfield code="3">17911033</mxc:subfield>      <mxc:subfield code="9">144</mxc:subfield>      <mxc:subfield code="a">Bienvenu</mxc:subfield>      <mxc:subfield code="m">Lily</mxc:subfield>      <mxc:subfield code="d">1920-1998</mxc:subfield>      <mxc:subfield code="t">[3 mélodies]</mxc:subfield>   </mxc:datafield>   <mxc:datafield tag="322" ind1=" " ind2=" ">      <mxc:subfield code="3">16714505</mxc:subfield>      <mxc:subfield code="9">144</mxc:subfield>      <mxc:subfield code="a">Escaich</mxc:subfield>      <mxc:subfield code="m">Thierry</mxc:subfield>      <mxc:subfield code="d">1965-....</mxc:subfield>      <mxc:subfield code="t">[Claude]</mxc:subfield>   </mxc:datafield>   <mxc:datafield tag="322" ind1="3" ind2=" ">      <mxc:subfield code="3">15068247</mxc:subfield>      <mxc:subfield code="9">144</mxc:subfield>      <mxc:subfield code="a">Jolas</mxc:subfield>      <mxc:subfield code="m">Betsy</mxc:subfield>      <mxc:subfield code="d">1926-....</mxc:subfield>      <mxc:subfield code="t">[De nuit]</mxc:subfield>   </mxc:datafield>   <mxc:datafield tag="322" ind1="3" ind2=" ">      <mxc:subfield code="3">16966322</mxc:subfield>      <mxc:subfield code="9">144</mxc:subfield>      <mxc:subfield code="a">Saint-Saëns</mxc:subfield>      <mxc:subfield code="m">Camille</mxc:subfield>      <mxc:subfield code="d">1835-1921</mxc:subfield>      <mxc:subfield code="t">[Chanson de grand-père. Op. 53, no 1]</mxc:subfield>   </mxc:datafield>   <mxc:datafield tag="322" ind1="3" ind2=" ">      <mxc:subfield code="3">16937728</mxc:subfield>      <mxc:subfield code="9">144</mxc:subfield>      <mxc:subfield code="a">Saint-Saëns</mxc:subfield>      <mxc:subfield code="m">Camille</mxc:subfield>      <mxc:subfield code="d">1835-1921</mxc:subfield>      <mxc:subfield code="t">[Chanson d'ancêtre. Op. 53, no 2]</mxc:subfield>   </mxc:datafield>   <mxc:datafield tag="322" ind1="3" ind2=" ">      <mxc:subfield code="3">13986483</mxc:subfield>      <mxc:subfield code="9">144</mxc:subfield>      <mxc:subfield code="a">Lalo</mxc:subfield>      <mxc:subfield code="m">Édouard</mxc:subfield>      <mxc:subfield code="d">1823-1892</mxc:subfield>      <mxc:subfield code="t">[6 mélodies. Op. 17]</mxc:subfield>   </mxc:datafield>   <mxc:datafield tag="322" ind1="1" ind2=" ">      <mxc:subfield code="3">16149634</mxc:subfield>      <mxc:subfield code="9">144</mxc:subfield>      <mxc:subfield code="a">Bertin</mxc:subfield>      <mxc:subfield code="m">Louise</mxc:subfield>      <mxc:subfield code="d">1805-1877</mxc:subfield>      <mxc:subfield code="t">[La Esmeralda]</mxc:subfield>   </mxc:datafield>   <mxc:datafield tag="400" ind1=" " ind2=" ">      <mxc:subfield code="w">....b.....</mxc:subfield>      <mxc:subfield code="a">Hugo</mxc:subfield>      <mxc:subfield code="m">Victor-Marie</mxc:subfield>   </mxc:datafield>   <mxc:datafield tag="400" ind1=" " ind2=" ">      <mxc:subfield code="w">....b.....</mxc:subfield>      <mxc:subfield code="a">Hugo</mxc:subfield>      <mxc:subfield code="m">Vittor</mxc:subfield>   </mxc:datafield>   <mxc:datafield tag="400" ind1=" " ind2=" ">      <mxc:subfield code="w">....b.....</mxc:subfield>      <mxc:subfield code="a">Hugo</mxc:subfield>      <mxc:subfield code="m">Vittorio</mxc:subfield>   </mxc:datafield>   <mxc:datafield tag="400" ind1=" " ind2=" ">      <mxc:subfield code="w">....bagrm.</mxc:subfield>      <mxc:subfield code="a">Ougkṓ</mxc:subfield>      <mxc:subfield code="m">Víktōr</mxc:subfield>   </mxc:datafield>   <mxc:datafield tag="400" ind1=" " ind2=" ">      <mxc:subfield code="w">....bagrp.</mxc:subfield>      <mxc:subfield code="a">Hougkṓ</mxc:subfield>      <mxc:subfield code="m">Víktōr</mxc:subfield>   </mxc:datafield>   <mxc:datafield tag="400" ind1=" " ind2=" ">      <mxc:subfield code="w">....g.grm.</mxc:subfield>      <mxc:subfield code="a">Ουγκώ</mxc:subfield>      <mxc:subfield code="m">Βίκτωρ</mxc:subfield>   </mxc:datafield>   <mxc:datafield tag="400" ind1=" " ind2=" ">      <mxc:subfield code="w">....g.grp.</mxc:subfield>      <mxc:subfield code="a">Οὑγκώ</mxc:subfield>      <mxc:subfield code="m">Βίκτωρ</mxc:subfield>   </mxc:datafield>   <mxc:datafield tag="400" ind1=" " ind2=" ">      <mxc:subfield code="w">....bachi.</mxc:subfield>      <mxc:subfield code="a">Yu guo</mxc:subfield>   </mxc:datafield>   <mxc:datafield tag="400" ind1=" " ind2=" ">      <mxc:subfield code="w">....bachi.</mxc:subfield>      <mxc:subfield code="a">Yuguo</mxc:subfield>   </mxc:datafield>   <mxc:datafield tag="400" ind1=" " ind2=" ">      <mxc:subfield code="w">....1.chi.</mxc:subfield>      <mxc:subfield code="a">雨果</mxc:subfield>   </mxc:datafield>   <mxc:datafield tag="400" ind1=" " ind2=" ">      <mxc:subfield code="w">....barus.</mxc:subfield>      <mxc:subfield code="a">Gûgo</mxc:subfield>      <mxc:subfield code="m">Viktor</mxc:subfield>   </mxc:datafield>   <mxc:datafield tag="400" ind1=" " ind2=" ">      <mxc:subfield code="w">....c.rus.</mxc:subfield>      <mxc:subfield code="a">Гюго</mxc:subfield>      <mxc:subfield code="m">Виктор</mxc:subfield>   </mxc:datafield>   <mxc:datafield tag="400" ind1=" " ind2=" ">      <mxc:subfield code="w">....baukr.</mxc:subfield>      <mxc:subfield code="a">Gûgo</mxc:subfield>      <mxc:subfield code="m">Vìktor</mxc:subfield>   </mxc:datafield>   <mxc:datafield tag="400" ind1=" " ind2=" ">      <mxc:subfield code="w">....c.ukr.</mxc:subfield>      <mxc:subfield code="a">Гюго</mxc:subfield>      <mxc:subfield code="m">Віктор</mxc:subfield>   </mxc:datafield>   <mxc:datafield tag="400" ind1=" " ind2=" ">      <mxc:subfield code="w">....barus.</mxc:subfield>      <mxc:subfield code="a">Gûgo</mxc:subfield>      <mxc:subfield code="m">Viktor-Mari</mxc:subfield>   </mxc:datafield>   <mxc:datafield tag="400" ind1=" " ind2=" ">      <mxc:subfield code="w">....c.rus.</mxc:subfield>      <mxc:subfield code="a">Гюго</mxc:subfield>      <mxc:subfield code="m">Виктор-Мари</mxc:subfield>   </mxc:datafield>   <mxc:datafield tag="504" ind1="1" ind2=" ">      <mxc:subfield code="3">12051037</mxc:subfield>      <mxc:subfield code="w">.0..b.....</mxc:subfield>      <mxc:subfield code="a">Hugo</mxc:subfield>      <mxc:subfield code="e">famille</mxc:subfield>   </mxc:datafield>   <mxc:datafield tag="600" ind1=" " ind2=" ">      <mxc:subfield code="a">Écrivain</mxc:subfield>      <mxc:subfield code="a">Artiste graphiste, auteur de lavis</mxc:subfield>      <mxc:subfield code="a">Homme politique, député de la Seine (1848-1871) et sénateur de la Seine (1876-1885)</mxc:subfield>      <mxc:subfield code="a">Membre de l'Institut, Académie française (élu en 1841)</mxc:subfield>      <mxc:subfield code="a">Officier de la Légion d'honneur (1837)</mxc:subfield>   </mxc:datafield>   <mxc:datafield tag="603" ind1=" " ind2=" ">      <mxc:subfield code="a">Besançon (Doubs)</mxc:subfield>      <mxc:subfield code="b">Paris, 16e arrondissement (France)</mxc:subfield>   </mxc:datafield>   <mxc:datafield tag="610" ind1=" " ind2=" ">      <mxc:subfield code="a">Le génie : ode à M. le vicomte de Chateaubriand / par Victor-Marie Hugo, 1820</mxc:subfield>      <mxc:subfield code="a">Les feuilles d'automne / par Victor Hugo, 1832</mxc:subfield>      <mxc:subfield code="a">Victor Hugo et la Grèce / textes choisis par Dimitris Pantélodimos = O Víktōr Ougkṓ kai ī Elláda / epilogī́-epiméleia keiménōn, Dīmī́trīs Pantelodī́mos, 2002</mxc:subfield>      <mxc:subfield code="a">Proposition de loi portant amnistie pleine et entière des condamnés pour actes relatifs aux évènements de mars, avril et mai 1871, présentée par MM. Victor Hugo, V. Schoelcher, X. Barne, etc.,... [1879]</mxc:subfield>   </mxc:datafield>   <mxc:datafield tag="610" ind1=" " ind2=" ">      <mxc:subfield code="a">Leonore : Comte Victor Marie Hugo</mxc:subfield>      <mxc:subfield code="u">https://www.leonore.archives-nationales.culture.gouv.fr/ui/notice/188501</mxc:subfield>      <mxc:subfield code="d">2024-03-30</mxc:subfield>      <mxc:subfield code="a">État civil de Paris. Acte de décès n°546, 16e arr., 1885-05-23 : Hugo, Victor Marie</mxc:subfield>      <mxc:subfield code="u">http://archives.paris.fr</mxc:subfield>      <mxc:subfield code="d">2024-03-30</mxc:subfield>      <mxc:subfield code="a">Assemblée nationale. Base de données des députés depuis 1785</mxc:subfield>      <mxc:subfield code="u">https://www2.assemblee-nationale.fr/sycomore/fiche/(num_dept)/8795</mxc:subfield>      <mxc:subfield code="d">2024-03-30</mxc:subfield>      <mxc:subfield code="a">Commémorations nationales : 2012 / Archives de France, 2011</mxc:subfield>      <mxc:subfield code="a">GDEL</mxc:subfield>      <mxc:subfield code="a">Victor Hugo et le sac du Palais d'été = Yu guo yu Yuan ming yuan : visions d'artistes / Nora Wang, Ye Xin, Wang Lou, 2003</mxc:subfield>   </mxc:datafield>   <mxc:datafield tag="610" ind1=" " ind2=" ">      <mxc:subfield code="a">BN Cat. gén. : Hugo (Comte Victor-Marie)</mxc:subfield>      <mxc:subfield code="a">BN Cat. gén. suppl.</mxc:subfield>      <mxc:subfield code="a">BN Cat. gén. 1960-1969</mxc:subfield>      <mxc:subfield code="a">BnF Service grec, 2010-05-25 : formes grecques (translittérées et en caractères originaux)</mxc:subfield>   </mxc:datafield>   <mxc:datafield tag="624" ind1=" " ind2=" ">      <mxc:subfield code="a">800</mxc:subfield>   </mxc:datafield>   <mxc:datafield tag="624" ind1=" " ind2=" ">      <mxc:subfield code="a">700</mxc:subfield>   </mxc:datafield>   <mxc:datafield tag="907" ind1=" " ind2=" ">      <mxc:subfield code="o">GEA</mxc:subfield>      <mxc:subfield code="a">000668868</mxc:subfield>      <mxc:subfield code="b">AMA</mxc:subfield>   </mxc:datafield>   <mxc:datafield tag="907" ind1=" " ind2=" ">      <mxc:subfield code="o">GEA</mxc:subfield>      <mxc:subfield code="a">000360105</mxc:subfield>      <mxc:subfield code="b">APP</mxc:subfield>   </mxc:datafield>   <mxc:datafield tag="917" ind1=" " ind2=" ">      <mxc:subfield code="o">OPL</mxc:subfield>      <mxc:subfield code="a">001677980</mxc:subfield>      <mxc:subfield code="b">AMA</mxc:subfield>   </mxc:datafield>   <mxc:datafield tag="917" ind1=" " ind2=" ">      <mxc:subfield code="o">OPL</mxc:subfield>      <mxc:subfield code="a">000904763</mxc:subfield>      <mxc:subfield code="b">APP</mxc:subfield>   </mxc:datafield>   <mxc:datafield tag="917" ind1=" " ind2=" ">      <mxc:subfield code="o">OPD</mxc:subfield>      <mxc:subfield code="a">100361800</mxc:subfield>      <mxc:subfield code="b">AMA</mxc:subfield>   </mxc:datafield>   <mxc:datafield tag="917" ind1=" " ind2=" ">      <mxc:subfield code="o">OPD</mxc:subfield>      <mxc:subfield code="a">100059290</mxc:subfield>      <mxc:subfield code="b">APP</mxc:subfield>   </mxc:datafield>   <mxc:datafield tag="917" ind1=" " ind2=" ">      <mxc:subfield code="o">OPJ</mxc:subfield>      <mxc:subfield code="a">100013700</mxc:subfield>   </mxc:datafield>   <mxc:datafield tag="917" ind1=" " ind2=" ">      <mxc:subfield code="o">OPB</mxc:subfield>      <mxc:subfield code="a">100018970</mxc:subfield>   </mxc:datafield>   <mxc:datafield tag="919" ind1=" " ind2=" ">      <mxc:subfield code="p">BN</mxc:subfield>      <mxc:subfield code="o">PNA</mxc:subfield>      <mxc:subfield code="a">00055209</mxc:subfield>   </mxc:datafield>   <mxc:datafield tag="927" ind1=" " ind2=" ">      <mxc:subfield code="o">OPL</mxc:subfield>      <mxc:subfield code="a">000904763</mxc:subfield>   </mxc:datafield>   <mxc:datafield tag="996" ind1=" " ind2=" ">      <mxc:subfield code="o">OPP</mxc:subfield>      <mxc:subfield code="a">14860011</mxc:subfield>      <mxc:subfield code="d">20080325</mxc:subfield>   </mxc:datafield>   <mxc:datafield tag="996" ind1=" " ind2=" ">      <mxc:subfield code="o">OPP</mxc:subfield>      <mxc:subfield code="a">14990805</mxc:subfield>      <mxc:subfield code="d">20080325</mxc:subfield>   </mxc:datafield>   <mxc:datafield tag="996" ind1=" " ind2=" ">      <mxc:subfield code="o">OPP</mxc:subfield>      <mxc:subfield code="a">15468413</mxc:subfield>      <mxc:subfield code="d">20101109</mxc:subfield>   </mxc:datafield>   <mxc:datafield tag="996" ind1=" " ind2=" ">      <mxc:subfield code="o">OPP</mxc:subfield>      <mxc:subfield code="a">15468415</mxc:subfield>      <mxc:subfield code="d">20101109</mxc:subfield>   </mxc:datafield>   <mxc:datafield tag="996" ind1=" " ind2=" ">      <mxc:subfield code="o">OPP</mxc:subfield>      <mxc:subfield code="a">11578824</mxc:subfield>      <mxc:subfield code="d">20170927</mxc:subfield>   </mxc:datafield>   <mxc:datafield tag="996" ind1=" " ind2=" ">      <mxc:subfield code="o">OPP</mxc:subfield>      <mxc:subfield code="a">16493789</mxc:subfield>      <mxc:subfield code="d">20191230</mxc:subfield>   </mxc:datafield>   <mxc:datafield tag="996" ind1=" " ind2=" ">      <mxc:subfield code="o">OPP</mxc:subfield>      <mxc:subfield code="a">16829119</mxc:subfield>      <mxc:subfield code="d">20220420</mxc:subfield>   </mxc:datafield>   <mxc:datafield tag="996" ind1=" " ind2=" ">      <mxc:subfield code="o">OPP</mxc:subfield>      <mxc:subfield code="a">17337728</mxc:subfield>      <mxc:subfield code="d">20230412</mxc:subfield>   </mxc:datafield>   <mxc:datafield tag="996" ind1=" " ind2=" ">      <mxc:subfield code="o">OPP</mxc:subfield>      <mxc:subfield code="a">16839642</mxc:subfield>      <mxc:subfield code="d">20230705</mxc:subfield>   </mxc:datafield>   <mxc:datafield tag="996" ind1=" " ind2=" ">      <mxc:subfield code="o">OPP</mxc:subfield>      <mxc:subfield code="a">16839641</mxc:subfield>      <mxc:subfield code="d">20230705</mxc:subfield>   </mxc:datafield>
</mxc:record>      </srw:recordData>
<srw:recordIdentifier>ark:/12148/cb11907966z</srw:recordIdentifier>
<srw:recordPosition>1</srw:recordPosition>
<srw:extraRecordData>
<ixm:attr name="CreationDate">19850622</ixm:attr>
<ixm:attr name="LastModificationDate">20250630</ixm:attr>
<mn:score>7.4969287</mn:score>
</srw:extraRecordData>
</srw:record>
</srw:records>
</srw:searchRetrieveResponse>
